2295 3192
786 268 962 316 Organa
991 269 1317 317 chylopoetica.

317 359 519 395 Glandulae
538 358 723 402 buccales‚
754 364 793 394 ut
817 359 853 394 in
878 361 1065 409 Typhlope,
1092 361 1185 395 bene
1213 360 1380 395 evolutae
1408 360 1539 396 seriem
1563 361 1775 410 contiguum
1794 374 1881 397 con-

216 425 383 461 stituunt.
432 426 605 474 Lingua
631 426 811 473 profunde
839 425 980 461 bifurca
1012 427 1046 461 in
1076 427 1244 474 vaginam
1271 432 1348 462 tota
1374 428 1509 462 retrahi
1537 433 1669 476 potest.
1720 429 1882 465 Dentes

214 493 338 540 pauci,
365 498 406 528 ut
429 493 640 528 Miillerus
668 492 825 540 primum
853 493 1133 536 demonstravit,
1165 493 1309 528 nonnisi
1336 494 1371 528 in
1399 494 1541 530 ossibus
1570 495 1819 531 maxillaribus
1847 502 1884 531 et

214 559 524 595 mandibularibus
550 558 797 606 reperiuntur,
830 559 893 606 qui
920 560 955 594 in
983 560 1198 595 animalibus
1221 560 1428 607 junioribus
1456 561 1553 596 acuti
1580 562 1781 605 recurvati,
1816 575 1881 597 un-

215 625 338 669 cinati,
367 627 403 661 in
422 626 621 674 majoribus
648 626 709 672 (an
729 625 887 672 detritiP)
916 627 1033 662 conici
1060 633 1250 675 apparent.
1272 660 1275 663 .
1296 626 1584 675 Oesophagus
1604 629 1881 675 angustissimus

214 693 348 728 sensim
377 693 414 728 in
442 692 736 729 ventriculum
764 693 809 727 ad
842 693 1049 729 inferiorem
1080 694 1222 741 hepatis
1255 700 1396 741 partem
1430 694 1493 729 vix
1521 694 1708 730 dilatatum
1737 695 1880 731 desinit.

213 759 402 808 Pylorus
429 760 525 795 intra
552 773 599 795 ex
626 760 721 808 plica
749 759 916 795 circulari
943 761 1190 808 cognoscitur,
1221 761 1284 795 sed
1310 766 1435 804 extus,
1463 761 1561 796 nulla
1587 762 1728 797 ratione
1755 762 1879 797 habita

214 827 311 874 quod
343 833 538 874 pancreate
571 827 746 874 cingitur,
785 827 830 862 ab
872 827 1043 863 intestino
1081 828 1179 863 haud
1212 827 1384 875 distingui
1422 834 1553 875 potest.
1611 828 1881 863 Intestinum

212 899 342 928 tenue
375 895 420 929 ab
447 892 549 928 initio
576 899 717 928 rectum
745 899 781 929 et
812 894 986 937 crassius,
1020 894 1150 929 deinde
1177 894 1383 929 flexuosum
1418 901 1454 929 et
1481 894 1685 942 angustius,
1724 895 1880 943 denique

212 959 342 995 iterum
369 966 509 996 rectum
537 966 574 995 et
600 960 757 996 crassius
790 960 824 995 in
853 960 1111 996 intestinum
1140 973 1334 996 crassum
1362 962 1473 996 breve
1501 962 1642 997 transit.
1693 961 1877 997 Coecum

212 1027 327 1062 multo
352 1027 488 1070 minus,
525 1040 634 1074 quain
662 1027 698 1061 in
730 1028 951 1075 Typhlopinis
978 1027 1164 1062 evolutum
1193 1027 1405 1063 sinuositate
1433 1029 1564 1063 (lextra
1593 1042 1708 1076 parva
1732 1041 1878 1077 reprae-

212 1098 387 1129 sentatur.
440 1093 584 1141 Hepar
611 1094 782 1128 dextrum
815 1094 961 1141 longum
995 1094 1219 1129 unilobulare
1252 1094 1396 1129 insolito
1430 1096 1538 1130 modo
1564 1096 1690 1143 procul
1723 1109 1744 1131 a
1771 1097 1879 1131 corde

211 1166 391 1195 remotum
419 1166 485 1195 est.
535 1160 690 1196 Vesica
712 1160 847 1195 fellea
874 1161 908 1195 in
933 1160 1117 1196 excisione
1145 1172 1306 1208 pancre
1317 1161 1401 1195 atis
1428 1162 1530 1196 densi
1558 1163 1785 1197 semilunaris
1811 1176 1877 1210 po—

212 1226 291 1263 sita.
335 1226 440 1262 Lien
460 1240 594 1275 parvus
614 1227 728 1262 ovalis
753 1227 789 1261 in
814 1227 975 1275 posticae
1001 1227 1143 1275 hepatis
1163 1227 1276 1275 partis
1301 1228 1447 1275 regione
1467 1229 1670 1264 ventriculo
1690 1229 1875 1265 adhaeret.

777 1376 954 1424 Organa
982 1377 1307 1424 respirationis.

309 1466 453 1502 Ostium
485 1467 646 1516 laryngis
680 1467 941 1515 longitudinale
979 1468 1117 1503 nullum
1153 1468 1347 1516 vestigium
1383 1481 1576 1516 processus
1611 1469 1809 1517 epiglottiei
1839 1470 1875 1505 in

208 1533 390 1569 nonnullis
415 1534 644 1582 serpentibus
672 1535 856 1569 observati
883 1536 1045 1583 praebet.
1100 1534 1220 1578 Quum
1254 1535 1288 1570 in
1318 1535 1447 1571 ceteris
1474 1536 1702 1583 serpentibus
1733 1537 1875 1573 initium

208 1600 377 1635 tracheae
411 1601 563 1636 annulos
596 1601 848 1647 cartilagineos
891 1602 1092 1649 completos
1127 1603 1313 1637 continere
1353 1603 1587 1637 observatum
1620 1602 1680 1646 sit,
1724 1604 1875 1639 trachea

213 1667 515 1715 Uropeltaceorum,
546 1673 584 1702 ut
610 1667 645 1702 in
676 1669 888 1716 Hhinoplzide
914 1669 1064 1716 Blythii,
1089 1670 1310 1717 oayrlzyuclzo
1338 1677 1374 1704 et
1395 1678 1557 1718 pmtclalo
1586 1670 1872 1714 observavimus,

206 1733 290 1768 inde
317 1734 362 1769 ab
389 1734 491 1769 initio
519 1734 660 1769 annulis
689 1734 724 1769 in
750 1740 852 1782 parte
880 1735 1014 1770 (lorsali
1040 1735 1253 1783 interruptis
1283 1737 1484 1783 composita
1509 1742 1564 1771 est
1591 1742 1627 1770 et
1654 1749 1673 1771 e
1692 1738 1811 1772 inedia
1838 1744 1874 1772 et

206 1800 347 1847 postica
374 1801 493 1836 cordis
517 1807 621 1848 parte
648 1801 683 1836 in
711 1801 920 1849 pulmonem
951 1802 1168 1849 simplicem,
1204 1803 1360 1850 spatium
1394 1803 1489 1838 inter
1515 1815 1578 1838 cor
1605 1808 1641 1837 et
1668 1803 1782 1851 hepar
1808 1816 1870 1839 oc-

207 1873 417 1915 cupantem,
451 1867 553 1916 apice
585 1868 765 1903 terminali
795 1868 1005 1915 longissimo
1038 1869 1306 1916 simplicissimo
1336 1869 1560 1905 unicellulari
1593 1882 1708 1917 usque
1735 1870 1781 1905 ad
1806 1870 1870 1905 he-

205 1934 299 1982 patis
326 1934 485 1969 medium
515 1940 707 1970 extensum
735 1935 876 1970 transit.

773 2086 949 2133 Organa
976 2085 1300 2120 circulationis.

306 2176 558 2223 Rathkius1)
590 2176 627 2212 in
660 2176 965 2212 commei'ltatione
997 2175 1208 2211 doctissima
1237 2176 1282 2210 de
1316 2182 1525 2223 serpentum
1557 2178 1778 2213 carotidibus
1806 2190 1869 2213 eor

204 2244 430 2292 Rhinoplcldis
456 2244 750 2291 melanogastriff)
777 2249 861 2291 post
887 2244 1040 2291 primam
1076 2242 1219 2278 tertiam
1254 2243 1415 2290 corporis
1443 2249 1583 2290 partem
1607 2245 1762 2291 positam
1789 2257 1867 2280 esse

264 2343 286 2379 ¹)
320 2342 545 2380 Bemerkungen
578 2343 651 2372 iiber
685 2343 731 2371 (lic
763 2342 922 2371 Carotiden
958 2342 1009 2371 der
1060 2341 1154 2376 misit,
1178 2350 1213 2370 ex
1233 2350 1290 2378 quo
1313 2342 1387 2377 vidi,
1410 2352 1468 2371 non
1487 2343 1866 2379 Uropeltidemceylanicam,

205 2393 380 2429 Schlaugen.
415 2393 507 2423 Wien.
540 2394 621 2422 1856.
652 2403 717 2430 pag.
734 2394 778 2422 22.
1061 2395 1093 2420 ut
1120 2391 1299 2427 crediderat,
1332 2393 1383 2421 sed
1408 2393 1610 2429 Rlzinophidem
1638 2394 1866 2429 melu⁷1oqastrem

264 2443 286 2479 ²)
308 2443 485 2472 Rathkius
503 2447 668 2482 serpentem
692 2444 884 2473 examinatam
904 2444 941 2472 ad
961 2452 1006 2472 me
1060 2451 1134 2471 esse.
