2295 3192
1010 118 1053 152 11

200 233 294 269 inter
320 232 473 269 rostrale
501 237 537 269 et
561 232 806 269 nasofrontale
831 232 1035 276 adscendit3
1064 232 1226 280 margine
1252 231 1421 267 inferiore
1449 231 1663 267 brevissimo
1690 242 1773 267 cum
1800 243 1861 267 su-

199 299 387 348 pralabiali
413 299 547 347 primo,
581 299 781 347 posteriore
808 300 976 336 inferiore
1003 311 1084 335 cum
1112 298 1342 347 supi-alabiali
1367 299 1543 342 secundo,
1573 298 1773 347 posteriore
1802 311 1861 333 su-

200 366 341 414 periore
361 378 443 402 cum
468 366 705 402 frontonasali
735 367 977 415 conjungitur.
1023 366 1222 402 Scutellum
1249 366 1403 401 frontale
1430 365 1650 414 triangulare
1675 365 1732 401 vel
1750 365 1863 401 trian-

199 433 349 481 gulatim
389 433 646 481 pentagonale,
689 446 802 481 aeque
836 433 983 481 longum
1021 446 1063 469 ac
1099 433 1212 468 latum
1246 433 1304 468 vel
1339 433 1446 468 etiam
1477 433 1585 481 paulo
1614 432 1721 467 latius
1755 445 1862 480 quam

199 499 352 547 longius.
395 499 423 534 F
426 499 671 535 rontonasalia
695 500 805 548 duplo
830 500 958 536 altiora
984 513 1092 548 quam
1120 500 1283 547 longiora
1310 512 1402 547 pone
1428 500 1580 535 rostrale
1600 511 1678 535 sese
1697 504 1862 547 tangunt,

201 566 332 614 angulo
360 567 491 602 obtuso
520 566 614 602 inter
641 566 881 614 supralabiale
908 568 1107 603 secundum
1135 571 1171 602 et
1194 566 1342 602 tertium
1369 567 1611 610 descendunt,
1639 566 1863 614 marginibus

200 645 287 669 vero
307 633 448 669 duobus
467 633 715 681 magnitudine
739 634 950 681 aequalibus
978 647 1059 670 cum
1088 633 1239 669 scutelle
1267 633 1403 669 oculari
1431 638 1466 668 et
1492 633 1638 669 srontali
1666 634 1863 680 conjuncta

200 706 386 748 apparent.
437 700 636 737 Scutellum
663 700 808 736 oculare
835 701 981 736 frontali
1007 701 1070 736 vix
1098 700 1215 735 minus
1244 700 1532 748 quadrangulare
1541 714 1549 741 3
1583 701 1715 748 angulo
1742 701 1863 737 antico

200 773 307 803 acuto
344 767 438 802 inter
472 767 718 803 frontonasale
752 772 788 803 et
820 767 1059 816 supralabiale
1095 767 1241 803 tertium
1273 767 1512 815 protrahitur;
1556 768 1688 815 angulo
1722 768 1862 815 postico

200 835 396 869 rotundato
423 846 505 869 cum
532 834 696 882 parietali
724 840 760 870 et
787 835 1018 883 supralabiali
1041 840 1187 882 quarto,
1217 834 1385 870 inferiore
1412 840 1513 871 recto
1538 847 1620 871 cum
1640 835 1862 883 supralabia-

199 900 293 936 libus
319 900 426 936 tertio
453 907 490 937 et
512 907 658 949 quarto,
687 901 872 950 superiore
895 907 1001 937 acuto
1027 914 1109 937 cum
1137 901 1283 937 frontali
1311 901 1429 937 medio
1456 907 1492 937 et
1518 901 1682 949 parietali
1710 903 1861 949 conjun-

200 967 306 1016 gitur.
369 968 505 1003 Oculus
543 968 579 1003 in
618 968 786 1004 inferiore
824 974 860 1004 et
893 969 1072 1004 anteriore
1106 970 1183 1015 ejus
1216 972 1317 1015 parte
1348 968 1613 1016 transspicitur.
1671 968 1863 1005 Parietalia

200 1034 347 1070 dimidio
373 1035 520 1070 frontali
551 1037 706 1083 majora,
741 1035 869 1071 latiora
901 1049 1009 1083 quam
1042 1035 1219 1083 longiora,
1254 1035 1392 1082 postice
1421 1040 1585 1079 arcuata,
1620 1035 1782 1084 margine
1807 1035 1860 1071 in-

200 1107 303 1137 terno
332 1101 481 1138 minimo
511 1102 605 1138 inter
639 1115 732 1146 sese,
767 1103 860 1138 infra
886 1114 969 1138 cum
1002 1101 1232 1150 supralabiali
1257 1108 1402 1149 quarto,
1434 1107 1537 1150 parte
1570 1102 1750 1139 anteriore
1777 1115 1860 1139 cum

200 1168 336 1204 oculari
368 1174 404 1204 et
434 1169 581 1204 frontali
615 1169 734 1205 medio
773 1171 1053 1218 conjunguntur.
1112 1169 1373 1217 Supralabialia
1404 1169 1560 1217 primum
1592 1175 1628 1205 et
1662 1171 1862 1206 secundum

200 1235 327 1271 altiora
357 1248 466 1283 quam
496 1236 674 1284 longiora3
717 1236 874 1284 primum
907 1249 1062 1284 superne
1096 1236 1209 1271 nasali
1246 1236 1470 1284 adjungitur;
1513 1237 1712 1273 secundum
1745 1237 1862 1285 primo

200 1303 311 1351 duplo
343 1305 459 1350 majus
498 1302 591 1338 inter
629 1304 751 1339 nasale
789 1310 826 1339 et
862 1304 1106 1339 nasofrontale
1145 1302 1349 1346 adscendit3
1388 1303 1535 1338 tertium
1573 1303 1683 1351 duplo
1719 1303 1862 1352 longius

200 1383 309 1417 quam
341 1370 463 1414 altius,
500 1369 724 1418 longitudine
758 1370 950 1405 distantiae
985 1370 1125 1405 narium
1166 1371 1210 1405 ab
1244 1369 1357 1406 oculis
1391 1370 1552 1417 aequale.
1614 1370 1861 1418 Supralabiale

200 1442 370 1484 quartulli
393 1436 554 1473 onmium
579 1437 779 1472 maximum
806 1437 1001 1473 enormiter
1025 1437 1275 1486 pentagonale,
1303 1437 1527 1484 longitudine
1551 1437 1698 1473 tertium
1717 1443 1861 1485 aequat,

200 1504 264 1539 sed
290 1504 400 1552 duplo
427 1504 534 1540 altius
562 1509 627 1540 est.
673 1503 826 1540 Labium
853 1504 1003 1540 inferius
1028 1504 1147 1540 medio
1175 1503 1326 1540 scutelle
1352 1504 1515 1547 mentali,
1544 1504 1580 1539 in
1600 1503 1730 1551 quovis
1749 1504 1862 1540 latere

200 1570 483 1606 infralabialibus
514 1571 712 1619 obtegitur,
747 1584 901 1618 quorum
935 1584 1105 1607 numerus
1134 1571 1266 1614 variat,
1302 1583 1413 1618 quum
1441 1571 1475 1606 in
1507 1571 1704 1618 specimine
1732 1571 1862 1607 minori

201 1638 369 1686 utrinque
395 1643 514 1681 terna,
543 1638 671 1686 majori
696 1638 841 1674 sinistra
867 1638 951 1682 tria,
981 1639 1112 1674 dextra
1140 1643 1296 1685 quatuor
1323 1637 1431 1673 obvia
1456 1637 1538 1673 sint.

300 1705 479 1752 Squamae
509 1704 645 1740 dimidii
678 1705 840 1753 corporis
873 1705 1062 1741 anterioris
1091 1717 1156 1752 per
1182 1705 1292 1740 series
1317 1704 1595 1753 longitudinales
1621 1705 1858 1754 undeviginti,

200 1771 409 1820 posterioris
436 1784 501 1820 per
525 1771 636 1807 series
667 1772 912 1820 septendecim
945 1778 980 1807 et
1007 1772 1042 1807 in
1070 1772 1206 1807 caudae
1234 1770 1308 1806 basi
1338 1784 1402 1819 per
1427 1771 1537 1807 series
1566 1771 1772 1819 quindecim
1800 1773 1857 1808 vel

201 1838 357 1874 sedecim
386 1839 582 1887 dispositae
613 1844 708 1874 sunt.
760 1840 939 1887 Squamae
967 1839 1147 1874 ventrales
1176 1838 1210 1873 in
1240 1838 1436 1886 specimine
1464 1839 1591 1886 majori
1614 1839 1770 1875 femineo
1792 1840 1858 1875 du-

202 1911 326 1942 centae
355 1911 391 1941 et
416 1905 543 1953 viginti
562 1907 671 1950 duae,
700 1906 829 1942 minori
852 1906 1012 1942 masculo
1033 1907 1210 1942 ducentae
1238 1910 1274 1940 et
1293 1905 1566 1953 quatuordecim
1588 1912 1857 1942 enumerantur.

201 1973 380 2020 Squamae
409 1972 530 2008 anales
556 1973 891 2021 lateroposteriores
918 1973 1012 2008 latae
1039 1973 1131 2008 duae
1168 1972 1323 2008 mediam
1360 1972 1437 2008 sive
1470 1973 1669 2009 ventralem
1699 1974 1859 2009 ultimam

201 2040 245 2075 ab
265 2053 334 2076 ano
354 2040 565 2076 excludunt.
608 2040 788 2087 Squamae
815 2040 1070 2082 subcaudales,
1099 2040 1196 2086 quod
1222 2038 1511 2075 Schneiderus
1537 2041 1615 2086 jam
1643 2040 1794 2083 notavit,
1824 2040 1859 2075 in

202 2107 329 2154 majori
356 2119 438 2151 sex,
466 2106 596 2142 minori
624 2112 706 2142 octo
730 2106 1011 2155 distinguuntur.
1063 2106 1242 2153 Squamae
1271 2106 1567 2154 supracaudales,
1599 2112 1637 2142 ut
1663 2106 1699 2142 in
1729 2106 1858 2143 ceteris

202 2174 407 2221 speciebus,
431 2174 592 2210 obsolete
611 2173 674 2209 tri·
694 2174 752 2209 vel
772 2174 1100 2221 quadricarinatae3
1124 2173 1342 2221 posteriores
1362 2172 1397 2208 in
1418 2173 1614 2220 specimine
1634 2173 1762 2221 majori
1781 2186 1857 2208 ma-

196 2243 312 2288 jores,
356 2241 487 2277 minori
518 2241 647 2277 ceteris
680 2241 848 2288 aequales
885 2246 979 2277 sunt.
1041 2241 1191 2276 Scutum
1225 2240 1361 2276 caudae
1395 2239 1582 2275 terminale
1615 2240 1719 2276 ovale
1758 2240 1859 2276 coni-

202 2321 301 2352 cum,
330 2308 393 2344 vix
415 2308 555 2356 longius
581 2322 690 2356 quam
712 2308 834 2352 latius,
863 2307 1019 2351 declive,
1049 2307 1199 2356 spinulis
1226 2307 1397 2343 confertis
1426 2319 1553 2343 versus
1573 2306 1711 2355 apicem
1732 2312 1857 2343 rotun-

202 2375 326 2411 datum
345 2376 645 2412 evanescentibus
673 2388 852 2424 asperum.

303 2442 440 2478 Dentes
467 2443 673 2479 maxillares
701 2443 736 2478 in
765 2442 893 2491 quovis
925 2442 1036 2478 latere
1068 2454 1150 2486 sex,
1181 2441 1447 2477 mandibulares
1477 2440 1683 2488 speciminis
1712 2440 1859 2476 minoris

1475 2507 1507 2531 2ss
