2295 3192
1221 119 1242 149 4

399 233 566 280 utrinque
583 245 627 267 ex
646 232 787 267 ossibus
804 231 990 279 quaternis
1010 231 1212 279 composita
1231 238 1296 267 est.
1331 231 1422 267 Nam
1441 238 1586 280 praeter
1605 245 1644 267 os
1665 232 1808 267 dentale
1828 238 1864 267 et
1879 232 2071 268 articulare

397 314 417 335 a
444 299 687 335 Dumerilio
722 305 758 334 et
784 296 1030 345 Bibroni0¹)
1064 304 1263 334 memorata
1292 298 1455 334 invenies
1489 299 1700 347 operculare
1735 305 1771 334 et
1799 299 2069 343 coronoideum,

397 367 494 414 quod
524 366 618 401 sicut
640 366 675 401 111
700 367 851 414 Pythone
879 371 914 401 et
932 367 1009 401 Bou
1037 366 1207 401 laminam
1236 366 1399 402 internae
1428 379 1620 414 processus
1649 365 1857 402 coronoidei
1884 367 1979 414 parti
2007 367 2071 402 ad-

396 434 533 468 haeret.
563 432 668 476 Quod
684 433 967 480 haudquaquam
985 433 1370 481 parviaestimandum
1387 440 1453 477 est,
1475 447 1586 481 quum
1601 438 1747 482 praeter
1767 435 1963 483 Typhlopes‚
1984 435 2070 469 Tar-

396 506 506 540 trices,
531 501 710 548 Pythonem,
730 502 823 535 Boas
843 506 877 535 ct
897 502 1026 548 Eryces
1050 513 1176 535 omnes
1197 507 1384 548 serpentes
1405 514 1486 536 osse
1506 501 1726 537 coronoidea
1744 501 1892 549 proprio
1911 507 2070 536 careant.

497 567 658 614 Squama
685 567 895 615 temporalis
923 568 986 614 (os
1015 568 1255 603 mastoideum
1285 568 1521 615 Cuvierii),
1556 568 1701 603 linearis
1733 574 1769 603 et
1794 568 1918 604 cranio
1946 569 2068 611 affixa,

397 640 436 669 ut
463 634 734 669 Dumerilius
763 635 854 670 bene
884 635 1110 677 observavit,
1140 648 1179 670 os
1208 636 1458 684 tympanieum
1488 635 1650 683 suscipit.

497 701 651 749 Reliqua
671 703 783 738 cranii
812 715 895 737 ossa
922 708 1007 736 sunt
1034 701 1335 746 intermaxillare,
1366 703 1518 745 nasalia,
1548 702 1727 745 conchae,
1757 714 1941 745 vomeres,
1969 703 2070 738 fron-

396 768 481 803 talia
500 769 698 813 anteriora,
730 770 900 805 frontalia
925 769 1061 813 media,
1091 770 1279 817 parietale,
1310 770 1386 805 alae
1406 769 1625 817 temporales
1652 770 1753 816 (ossa
1771 774 1918 817 petrosa
1937 769 2070 815 Cuv.),

396 836 675 883 sphenoideum,
709 837 915 884 oeeipitalia
946 837 1130 885 superius,
1160 837 1323 872 lateralia
1350 843 1387 872 et
1413 837 1579 872 basilare.
1635 836 1729 872 Ossa
1753 836 1924 872 frontalia
1947 842 2070 884 poste-

394 903 490 937 riora
510 903 545 937 in
572 905 805 952 Typhlopinis,
837 905 1050 944 Tol-(ricinis,
1073 905 1291 952 Xenopellicle
1311 904 1591 952 comprehenso,
1622 910 1658 939 et
1682 905 1907 953 Cropellaceis
1926 904 2069 946 desunt,

395 971 492 1017 quod
528 984 599 1005 non
635 971 726 1006 tanti
760 971 933 1006 momenti
968 977 1041 1014 est,
1084 985 1192 1018 quam
1229 973 1394 1007 defectus
1427 971 1548 1006 totalis
1582 983 1774 1018 processus
1807 970 2069 1018 postorbitalis,

394 1051 505 1084 quum
540 1037 649 1072 etiam
683 1038 717 1072 in
752 1039 1041 1086 Trigonocephulo
1070 1045 1106 1074 et
1134 1039 1278 1088 Elape²)
1311 1039 1574 1074 desiderentur.
1641 1039 1816 1074 Vomeres
1844 1038 2071 1086 Rleiuoplaiclis

394 1104 428 1139 in
455 1104 533 1139 basi
562 1105 676 1140 cranii
704 1105 798 1140 inter
825 1118 908 1140 ossa
936 1105 1096 1153 palatina
1123 1112 1311 1154 apparent.

496 1171 675 1207 Foramen
704 1172 894 1220 occipitale
922 1186 1094 1221 magnum
1127 1173 1221 1208 sicut
1254 1173 1288 1208 in
1318 1173 1486 1208 omnibus
1521 1172 1750 1220 serpentibus
1779 1183 1860 1206 osse
1888 1171 2070 1219 occipitali

394 1238 581 1286 superiore
615 1239 765 1274 excluso
805 1239 1033 1275 solummodo
1073 1240 1324 1288 occipitalibus
1364 1240 1574 1275 lateralibus
1611 1245 1648 1274 et
1680 1238 1825 1274 basilari
1860 1238 2068 1273 includitur.

394 1306 637 1341 Adumbratio
665 1306 702 1341 M
713 1306 845 1341 silleri
874 1307 1058 1342 contraria
1085 1320 1131 1342 ex
1161 1307 1368 1355 speciminis
1397 1307 1595 1353 exiguitate
1624 1307 1840 1354 explicatur.
1895 1307 2070 1341 Attamen

395 1373 614 1421 singularem
644 1373 726 1408 colli
755 1373 901 1421 condyli
929 1374 1130 1422 occipitalis
1158 1374 1423 1422 longitudinem
1451 1374 1587 1422 optime
1616 1373 1824 1409 delineavit.

497 1439 602 1483 Quod
631 1440 760 1475 attinet
789 1441 834 1475 ad
861 1453 1017 1488 corpora
1044 1441 1233 1476 columnae
1262 1441 1492 1483 vertebralis,
1529 1441 1696 1476 omnibus
1725 1446 1851 1475 notum
1881 1446 1953 1483 est,
1987 1441 2072 1475 L'ro-

388 1508 558 1556 pellat-ea,
591 1508 780 1555 Typhlopes
809 1513 844 1542 et
869 1509 1037 1543 Torlrices
1064 1508 1297 1556 processibus
1318 1508 1473 1556 spinosis
1494 1520 1628 1542 carere.
1675 1507 1921 1553 Stannius³²)
1949 1513 2069 1542 tamen

395 1575 428 1609 in
460 1575 605 1622 egregio
635 1586 743 1621 opere
772 1574 816 1609 de
843 1575 1026 1610 anatomia
1050 1581 1262 1623 comparata
1289 1587 1483 1623 processus
1513 1575 1681 1622 spinosos
1705 1575 1928 1610 anteriorum
1950 1580 2070 1609 verte—

395 1643 540 1677 brarum
572 1641 769 1676 dorsalium
804 1641 838 1676 in
873 1643 1026 1677 Tortrice
1058 1643 1185 1677 adesse
1220 1642 1354 1678 docuit.
1409 1641 1464 1676 De
1500 1642 1609 1677 costis
1644 1642 1731 1676 1111111
1760 1648 1886 1677 notatu
1920 1642 2069 1690 dignum

395 1722 473 1744 esse
494 1709 648 1743 videtur.
687 1708 780 1743 Ossa
800 1709 931 1756 pelvis,
954 1722 1046 1756 quae
1066 1710 1100 1744 in
1125 1710 1299 1758 Typhlope
1318 1714 1482 1751 exstant,
1515 1708 1620 1756 1113116
1641 1709 1790 1752 desunt,
1820 1721 1937 1756 neque
1958 1708 2068 1743 vesti-

394 1776 491 1824 gium
521 1788 645 1810 eorum
672 1776 706 1810 in
736 1776 932 1823 specimine
960 1777 1186 1824 Rhsuopla'dis
1213 1789 1412 1824 permagno
1441 1776 1565 1811 videre
1591 1775 1678 1810 mihi
1707 1775 1868 1823 contigit.

496 1842 546 1877 Os
574 1843 787 1890 hyoideum,
824 1843 920 1890 1111011
950 1845 1027 1889 jam
1065 1843 1100 1877 in
1135 1844 1356 1892 Typhlopinis
1382 1842 1643 1888 deteximusffl,
1678 1842 1713 1876 in
1742 1843 1958 1891 Rhinoplzide
1983 1857 2067 1890 azy-

394 1911 546 1957 rhynclzo
566 1915 601 1944 et
620 1910 754 1957 Blythsi
774 1922 919 1957 quoque
947 1910 1201 1952 observamus,
1231 1911 1294 1945 sed
1323 1910 1571 1957 maximopere
1600 1922 1642 1944 eo
1662 1909 1798 1951 differt,
1828 1911 1926 1956 1111011
1953 1910 2067 1945 multo

394 1977 513 2011 minus
542 1977 728 2011 evolutum
757 1984 821 2012 est.
879 1976 1023 2011 Etenim
1058 1977 1102 2011 ad
1133 1983 1326 2023 utrumque
1356 1977 1499 2024 linguae
1532 1976 1626 2011 latus
1654 1976 1754 2011 filum
1783 1989 1925 2012 osseum
1956 1977 2066 2025 capil-

393 2044 467 2078 lare
488 2044 597 2078 breve
618 2045 834 2078 observatur
860 2043 949 2089 (tab.
966 2042 992 2085 I,
1013 2043 1072 2091 fig.
1094 2043 1177 2090 lh),
1207 2045 1303 2091 quod
1332 2043 1563 2078 extremitate
1583 2044 1783 2091 posteriore
1804 2043 1838 2078 in
1860 2044 2064 2079 musculum

394 2116 630 2145 retractorem
656 2111 799 2158 linguae
827 2110 996 2157 (museul.
1027 2110 1307 2158 hyovaginalem
1335 2111 1397 2146 Du
1410 2111 1632 2159 vernoy)⁵)
1664 2124 1683 2145 a
1712 2110 1822 2145 costis
1855 2116 1974 2145 ortum
1999 2111 2065 2145 im-

393 2178 580 2225 mergitur.

457 2306 475 2341 1>
500 2305 555 2334 1.1·.
580 2314 644 2342 pag.
664 2306 725 2333 148.
1315 2306 1338 2341 ⁴)
1364 2305 1434 2334 ibid.
1457 2315 1522 2343 pag.
1542 2307 1584 2333 17.

452 2357 475 2391 ΔΔ)
499 2355 542 2383 (Ὺ.
567 2355 756 2390 Staunius,
783 2356 946 2384 Hamlburh
971 2356 1021 2384 der
1042 2356 1202 2385 Zootomie.
1315 2356 1338 2391 ⁵)
1362 2356 1572 2393 Duvernoy,
1603 2356 1723 2385 annales
1751 2357 1802 2385 des
1824 2356 1956 2385 sciences
1981 2358 2065 2384 natu-

394 2406 419 2433 2.
435 2406 510 2434 Aufl.
542 2406 578 2434 11.
607 2407 733 2442 pag-1⁴3.
1257 2406 1353 2435 relles.
1396 2406 1478 2435 1832.
1506 2406 1562 2434 101.
1578 2406 1680 2435 XXVI.
1704 2417 1768 2444 pag.
1788 2408 1849 2436 1554,

452 2457 474 2491 ³)
498 2456 609 2483 Ibidem
632 2465 696 2492 pag.
714 2457 758 2483 220.
