2295 3192
1020 114 1052 167 i00

826 270 978 306 Partes
1005 276 1230 307 externae.

296 364 436 412 Corpus
461 364 748 412 L‘ropelmceornm
769 361 1026 410 cylindricum,
1049 363 1183 410 ubique
1202 375 1317 410 aeque
1337 375 1516 407 crassum⁷
1538 363 1720 399 interdum
1741 364 1863 412 paullo

195 431 352 468 crassius
389 431 425 466 111
459 430 605 478 regione
645 429 842 473 anteriore,
883 429 1041 476 undique
1080 429 1240 476 squamis
1279 429 1499 465 tenuissimis
1537 431 1701 466 laevibus
1735 443 1862 466 versus

196 500 332 534 caudae
360 497 499 546 apicem
528 497 607 545 plus
635 496 801 531 minusve
827 495 998 531 carinatis
1025 496 1223 532 obtectum.

296 565 436 613 Caput
462 578 483 599 a
511 576 662 611 corpore
690 563 929 598 crassitudine
957 575 1029 598 11011
1058 563 1284 606 distinctum,
1314 562 1432 598 antice
1461 564 1622 599 scutellis
1651 564 1727 600 sive
1753 578 1861 611 squa-

195 633 262 668 mis
289 632 486 679 majoribus
514 630 739 679 regularibus
773 629 972 665 imbricatis
1004 629 1224 677 praeditum,
1258 634 1377 664 rostro
1410 630 1638 677 prominente
1669 636 1776 666 acuto
1805 631 1862 666 vel

196 700 335 736 conico.
380 699 506 734 Rictus
534 697 606 733 oris
632 702 806 744 angustus
834 697 984 732 inferus.
1032 697 1145 732 Nares
1168 696 1431 744 punctiformes
1458 697 1493 732 in
1521 697 1673 732 scutelle
1701 697 1863 745 simplice

195 772 354 815 apertae.
406 764 513 801 Oculi
540 764 771 799 minutissimi
798 764 949 799 scutello
982 763 1206 799 translucido
1239 768 1424 810 teguntur.
1476 764 1605 799 Snlcus
1633 764 1767 812 gularis
1799 765 1861 799 (10-

195 834 385 869 sideratur.
441 832 585 868 Gauda
615 830 830 866 brevissima
862 831 897 866 in
931 830 1091 866 maribus
1124 830 1232 878 paulo
1265 830 1406 877 longior
1439 844 1548 878 quam
1582 831 1617 865 in
1644 831 1807 874 feminis,
1843 844 1864 865 a

196 900 340 948 corpori
358 899 497 946 reliquo
516 899 615 933 haud
634 898 820 941 distincta,
851 898 1050 946 cylindrica
1078 897 1135 932 vel
1160 910 1288 945 parum
1317 909 1542 945 compressa,
1572 898 1674 946 apice
1693 902 1863 932 truncato

195 967 253 1002 vel
287 966 430 1009 0011100,
463 970 567 1000 scuto
600 965 753 1012 simplici
786 966 876 1000 duro
912 965 970 1000 vel
1002 963 1162 1011 squamis
1196 964 1343 1011 reliquis
1379 964 1585 999 durioribus
1621 964 1862 1012 singularibus

195 1038 346 1068 armato.
397 1034 581 1080 Apertura
607 1032 720 1066 analis
748 1037 957 1067 transversa
984 1037 1020 1066 et
1046 1044 1175 1078 parum
1203 1031 1401 1078 conspicua
1426 1037 1492 1066 est.

296 1100 351 1147 Sq
361 1111 505 1134 uamae
526 1099 688 1146 corporis
707 1099 861 1133 formam
882 1099 1018 1134 habent
1037 1098 1250 1145 quadratam
1271 1097 1398 1143 (tab.I.
1419 1098 1479 1145 fig.
1492 1097 1545 1142 1),
1572 1097 1703 1144 angulo
1722 1097 1863 1144 postico

195 1167 408 1209 rotundato,
443 1165 583 1213 angulis
616 1165 826 1200 lateralibus
860 1165 968 1201 rectis
1003 1165 1060 1200 vel
1093 1164 1287 1207 truncatis,
1324 1164 1573 1212 magnitudine
1601 1163 1761 1211 undique
1788 1165 1863 1199 fere

195 1234 364 1281 aequales
391 1233 449 1268 vel
477 1232 512 1267 in
538 1232 633 1267 linea
657 1232 813 1268 ventrali
838 1233 946 1280 paulo
973 1233 1141 1279 majores.
1187 1231 1333 1266 Cautlae
1360 1231 1472 1278 apicis
1500 1231 1696 1273 vestitura,
1727 1236 1766 1266 ut
1785 1232 1863 1278 jam

195 1300 371 1343 diximus,
406 1300 450 1334 ab
477 1299 538 1334 illa
565 1300 727 1347 corporis
756 1299 961 1335 mirandum
986 1299 1023 1333 in
1049 1299 1199 1333 modum
1227 1298 1409 1346 discrepat
1439 1303 1474 1333 et
1503 1298 1701 1333 secundum
1730 1310 1863 1345 genera

195 1372 231 1402 et
257 1367 395 1415 species
420 1367 548 1402 variat.

926 1457 1139 1492 Sceletus.

297 1541 348 1577 Os
372 1541 560 1576 maxillare
585 1541 750 1589 superius
779 1546 918 1576 rectum
948 1552 1197 1587 compressum
1225 1539 1343 1574 antice
1372 1551 1455 1574 cum
1479 1552 1560 1573 osse
1588 1538 1864 1573 intermaxillari

194 1607 332 1651 laxius,
361 1608 500 1655 postice
524 1620 605 1643 cum
629 1621 710 1643 osse
731 1614 941 1643 transverso
968 1612 1094 1642 sutura
1119 1618 1313 1653 squamosa
1336 1606 1470 1641 arctius
1496 1607 1745 1652 conjunctum3
1775 1618 1862 1652 apo-

194 1674 372 1722 pliysibus
399 1676 556 1718 duabus⁷
590 1675 703 1710 altera
735 1675 920 1722 superiore
955 1687 1038 1709 cum
1070 1686 1150 1709 osse
1177 1673 1427 1720 praefrontali,
1464 1673 1577 1707 altera
1606 1672 1749 1706 interna
1781 1684 1864 1706 011111

196 1754 277 1777 0550
304 1741 463 1789 palatino
493 1741 685 1777 articulum
713 1741 911 1777 constituit.
954 1741 1004 1776 Os
1024 1740 1223 1788 palatinum
1251 1739 1369 1774 antice
1394 1739 1507 1774 latum
1527 1740 1752 1786 depressum,
1781 1752 1865 1786 pro-

197 1820 301 1843 cessu
329 1808 514 1856 superiore
542 1808 740 1843 introrsum
768 1814 920 1843 curvato
951 1821 1033 1843 011111
1062 1819 1142 1842 0550
1167 1805 1314 1841 frontali
1339 1806 1530 1841 articulum
1550 1806 1698 1848 format,
1727 1805 1866 1853 postiee

197 1887 280 1910 011111
303 1888 384 1910 0550
403 1875 641 1923 pterygoicleo
667 1875 810 1911 interno
838 1875 1082 1923 conjungitur.
1131 1872 1182 1909 Os
1201 1872 1480 1921 pterygoideuni
1508 1873 1625 1908 antice
1647 1872 1866 1908 bifurcatum

196 1955 298 1977 ramo
330 1942 473 1977 interno
507 1954 589 1977 011111
622 1955 703 1977 osse
738 1943 916 1990 palatino,
951 1948 1104 1976 externo
1139 1952 1221 1976 cum
1255 1953 1335 1975 osse
1372 1945 1584 1974 transverso
1617 1941 1864 1986 conjunctum⁷

196 2008 335 2056 postice
362 2021 427 2056 per
455 2009 708 2056 syndesmosin
738 2009 906 2044 maxillae
942 2007 1103 2043 inferiori
1131 2020 1315 2041 annexum
1344 2012 1410 2041 est.
1464 2006 1570 2041 Unde
1599 2006 1777 2053 sequitur,
1807 2020 1864 2041 05-

197 2075 290 2110 sium
315 2076 557 2110 maxillarium
587 2082 623 2111 et
648 2075 890 2123 palatinorum
918 2074 1155 2110 mobilitatem
1184 2074 1334 2108 eandem
1357 2086 1465 2120 quam
1493 2073 1528 2107 in
1558 2073 1686 2108 ceteris
1716 2086 1863 2121 serpen-

196 2142 293 2177 tibus
322 2155 412 2177 esse.
461 2143 705 2189 Msillerus¹)
734 2142 880 2189 quidem
908 2155 991 2176 ossa
1017 2140 1177 2189 palatina
1205 2139 1402 2175 immobilia
1430 2139 1524 2174 sicut
1551 2139 1585 2174 in
1609 2139 1866 2188 Amphisbaenis

198 2221 277 2244 0550
304 2209 516 2252 affirmavit,
547 2210 645 2257 quod
672 2215 792 2244 tamen
822 2221 944 2251 nemo,
979 2209 1041 2256 qui
1069 2207 1231 2243 cranium
1259 2206 1499 2254 perexiguum
1527 2207 1571 2241 ab
1601 2219 1643 2241 00
1668 2206 1864 2253 investiga-

198 2281 276 2311 tum
302 2276 469 2319 vidisset,
499 2276 632 2311 eximio
661 2275 856 2311 scrutatori
885 2276 1116 2324 exprobaret.

297 2343 446 2377 Maxilla
470 2343 635 2385 inferior7
671 2348 709 2377 ut
740 2343 775 2377 111
802 2342 931 2378 ceteris
960 2341 1186 2389 serpentibus
1212 2339 1544 2375 microstomatibus
1571 2339 1694 2374 cranio
1720 2339 1865 2374 brevior

260 2446 280 2482 ¹)
304 2446 321 2473 l.
338 2455 360 2474 c.
383 2455 447 2483 pag.
463 2446 526 2474 251).
